<record><leader>00000cas a22000007a 4500</leader><controlfield tag="001">12897657</controlfield><controlfield tag="008">851212d19571958wvuwr ne      0    0eng d</controlfield><datafield ind1=" " ind2=" " tag="010"><subfield code="a">sn 85059763 </subfield></datafield><datafield ind1=" " ind2=" " tag="040"><subfield code="a">WVC</subfield><subfield code="b">eng</subfield><subfield code="c">WVC</subfield><subfield code="d">OCL</subfield><subfield code="d">OCLCQ</subfield></datafield><datafield ind1=" " ind2=" " tag="042"><subfield code="a">msc</subfield></datafield><datafield ind1="0" ind2="0" tag="245"><subfield code="a">Tri-state.</subfield></datafield><datafield ind1="1" ind2="7" tag="246"><subfield code="a">Tri-state weekly pictorial</subfield></datafield><datafield ind1="1" ind2="3" tag="246"><subfield code="a">Tri state weekly news</subfield></datafield><datafield ind1=" " ind2=" " tag="260"><subfield code="a">Huntington, W. Va. :</subfield><subfield code="b">M.R. Chafin, Frank W. Allen and Leon Clark,</subfield><subfield code="c">1957-1958.</subfield></datafield><datafield ind1=" " ind2=" " tag="300"><subfield code="a">v.</subfield></datafield><datafield ind1=" " ind2=" " tag="310"><subfield code="a">Weekly</subfield></datafield><datafield ind1="0" ind2=" " tag="362"><subfield code="a">Dec. 7, 1957-Mar. 8, 1958.</subfield></datafield><datafield ind1=" " ind2=" " tag="500"><subfield code="a">"The weekly pictorial newspaper."</subfield></datafield><datafield ind1=" " ind2=" " tag="500"><subfield code="a">Editor: Frank W. Allen.</subfield></datafield><datafield ind1=" " ind2=" " tag="752"><subfield code="a">United States</subfield><subfield code="b">West Virginia</subfield><subfield code="c">Cabell</subfield><subfield code="d">Huntington.</subfield></datafield><datafield ind1="0" ind2="0" tag="780"><subfield code="t">Tri-state pictorial magazine</subfield></datafield><datafield ind1="0" ind2="0" tag="785"><subfield code="t">News-tribune</subfield><subfield code="w">(DLC)sn 85059764</subfield></datafield></record>